<?xml version="1.0" encoding="UTF-8"?><collection xmlns="http://www.loc.gov/MARC21/slim"><record><leader>00610nam--2200193-i-4500</leader><controlfield tag="001">000020630</controlfield><controlfield tag="002">20161230</controlfield><controlfield tag="005">20161230201033</controlfield><controlfield tag="008">060222s1000------------r-----000-0-eng-d</controlfield><datafield ind1=" " ind2=" " tag="040"><subfield code="a">IFIN-HH</subfield></datafield><datafield ind1=" " ind2=" " tag="080"><subfield code="a">538.935(061.3)</subfield></datafield><datafield ind1="1" ind2=" " tag="100"><subfield code="a">Chamberlain, J.M</subfield></datafield><datafield ind1="1" ind2="0" tag="245"><subfield code="a">Electronic properties of multilayers and low-dimensional semiconductor structures</subfield><subfield code="c">J.m. chamberlain, l. eaves, j.-c. portal (eds.)</subfield></datafield><datafield ind1=" " ind2=" " tag="260"><subfield code="a">London</subfield><subfield code="b">Plenum Press</subfield><subfield code="c">1989</subfield></datafield><datafield ind1=" " ind2=" " tag="300"><subfield code="a">XIII+477 P</subfield></datafield><datafield ind1=" " ind2=" " tag="490"><subfield code="a">Nato Advances Study Institutes Series, 231</subfield></datafield><datafield ind1="1" ind2=" " tag="700"><subfield code="a">Portal, J.-c</subfield><subfield code="e">Ed</subfield></datafield><datafield ind1=" " ind2=" " tag="852"><subfield code="a">42270</subfield><subfield code="c">53</subfield></datafield><datafield ind1=" " ind2=" " tag="CAT"><subfield code="a">Sys</subfield><subfield code="c">20150320</subfield><subfield code="h">131637</subfield></datafield></record></collection>